@article{sample,
  author    = {Jie Mei and
               Aminul Islam and
               Yajing Wu and
               Abidalrahman Moh'd and
               Evangelos E. Milios},
  title     = {Statistical Learning for {OCR} Text Correction},
  journal   = {CoRR},
  volume    = {abs/1611.06950},
  year      = {2016},
  url       = {http://arxiv.org/abs/1611.06950},
  timestamp = {Thu, 01 Dec 2016 19:32:08 +0100},
  biburl    = {http://dblp.uni-trier.de/rec/bib/journals/corr/MeiIWMM16},
  bibsource = {dblp computer science bibliography, http://dblp.org}
}
